@ARTICLE{Prieto14,
       author = {{Prieto}, J.~L. and {Rest}, A. and {Bianco}, F.~B. and {Matheson}, T. and
         {Smith}, N. and {Walborn}, N.~R. and {Hsiao}, E.~Y. and {Chornock}, R. and
         {Paredes {\'A}lvarez}, L. and {Campillay}, A. and {Contreras}, C. and
         {Gonz{\'a}lez}, C. and {James}, D. and {Knapp}, G.~R. and {Kunder}, A. and
         {Margheim}, S. and {Morrell}, N. and {Phillips}, M.~M. and
         {Smith}, R.~C. and {Welch}, D.~L. and {Zenteno}, A.},
        title = "{Light Echoes from {\ensuremath{\eta}} Carinae's Great Eruption: Spectrophotometric Evolution and the Rapid Formation of Nitrogen-rich Molecules}",
      journal = {\apjl},
     keywords = {circumstellar matter, stars: evolution, stars: individual: Eta Carinae, stars: mass-loss, Astrophysics - Solar and Stellar Astrophysics, Astrophysics - Astrophysics of Galaxies},
         year = "2014",
        month = "May",
       volume = {787},
       number = {1},
          eid = {L8},
        pages = {L8},
          doi = {10.1088/2041-8205/787/1/L8},
archivePrefix = {arXiv},
       eprint = {1403.7202},
 primaryClass = {astro-ph.SR},
       adsurl = {https://ui.adsabs.harvard.edu/abs/2014ApJ...787L...8P},
      adsnote = {Provided by the SAO/NASA Astrophysics Data System}
}
