

@ARTICLE{Rest05a,
   author = {{Rest}, A. and {Stubbs}, C. and {Becker}, A.~C. and {Miknaitis}, G.~A. and 
	{Miceli}, A. and {Covarrubias}, R. and {Hawley}, S.~L. and {Smith}, R.~C. and 
	{Suntzeff}, N.~B. and {Olsen}, K. and {Prieto}, J.~L. and {Hiriart}, R. and 
	{Welch}, D.~L. and {Cook}, K.~H. and {Nikolaev}, S. and {Huber}, M. and 
	{Prochtor}, G. and {Clocchiatti}, A. and {Minniti}, D. and {Garg}, A. and 
	{Challis}, P. and {Keller}, S.~C. and {Schmidt}, B.~P.},
    title = "{Testing LMC Microlensing Scenarios: The Discrimination Power of the SuperMACHO Microlensing Survey}",
  journal = {\apj},
     year = 2005,
    month = dec,
   volume = 634,
    pages = {1103-1115},
      doi = {10.1086/497060},
   adsurl = {http://adsabs.harvard.edu/cgi-bin/nph-bib_query?bibcode=2005ApJ...634.1103R&db_key=AST},
  adsnote = {Provided by the Smithsonian/NASA Astrophysics Data System}
}

@ARTICLE{Rest05b,
   author = {{Rest}, A. and {Suntzeff}, N.~B. and {Olsen}, K. and {Prieto}, J.~L. and 
	{Smith}, R.~C. and {Welch}, D.~L. and {Becker}, A. and {Bergmann}, M. and 
	{Clocchiatti}, A. and {Cook}, K. and {Garg}, A. and {Huber}, M. and 
	{Miknaitis}, G. and {Minniti}, D. and {Nikolaev}, S. and {Stubbs}, C.
	},
    title = "{Light echoes from ancient supernovae in the Large Magellanic Cloud}",
  journal = {Nature},
     year = 2005,
    month = dec,
   volume = 438,
    pages = {1132-1134},
      doi = {10.1038/nature04365},
   adsurl = {http://adsabs.harvard.edu/cgi-bin/nph-bib_query?bibcode=2005Natur.438.1132R&db_key=AST},
  adsnote = {Provided by the Smithsonian/NASA Astrophysics Data System}
}

@ARTICLE{Rest08a,
   author = {{Rest}, A. and {Matheson}, T. and {Blondin}, S. and {Bergmann}, M. and 
	{Welch}, D.~L. and {Suntzeff}, N.~B. and {Smith}, R.~C. and 
	{Olsen}, K. and {Prieto}, J.~L. and {Garg}, A. and {Challis}, P. and 
	{Stubbs}, C. and {Hicken}, M. and {Modjaz}, M. and {Wood-Vasey}, W.~M. and 
	{Zenteno}, A. and {Damke}, G. and {Newman}, A. and {Huber}, M. and 
	{Cook}, K.~H. and {Nikolaev}, S. and {Becker}, A.~C. and {Miceli}, A. and 
	{Covarrubias}, R. and {Morelli}, L. and {Pignata}, G. and {Clocchiatti}, A. and 
	{Minniti}, D. and {Foley}, R.~J.},
    title = "{Spectral Identification of an Ancient Supernova Using Light Echoes in the Large Magellanic Cloud}",
  journal = {\apj},
archivePrefix = "arXiv",
   eprint = {0801.4762},
 keywords = {ISM: Individual: Alphanumeric: SNR 0509-67.5, Galaxies: Magellanic Clouds, Stars: Supernovae: General, ISM: Supernova Remnants},
     year = 2008,
    month = jun,
   volume = 680,
    pages = {1137-1148},
      doi = {10.1086/587158},
   adsurl = {http://adsabs.harvard.edu/abs/2008ApJ...680.1137R},
  adsnote = {Provided by the SAO/NASA Astrophysics Data System}
}

@ARTICLE{Rest08b,
   author = {{Rest}, A. and {Welch}, D.~L. and {Suntzeff}, N.~B. and {Oaster}, L. and 
	{Lanning}, H. and {Olsen}, K. and {Smith}, R.~C. and {Becker}, A.~C. and 
	{Bergmann}, M. and {Challis}, P. and {Clocchiatti}, A. and {Cook}, K.~H. and 
	{Damke}, G. and {Garg}, A. and {Huber}, M.~E. and {Matheson}, T. and 
	{Minniti}, D. and {Prieto}, J.~L. and {Wood-Vasey}, W.~M.},
    title = "{Scattered-Light Echoes from the Historical Galactic Supernovae Cassiopeia A and Tycho (SN 1572)}",
  journal = {\apjl},
archivePrefix = "arXiv",
   eprint = {0805.4607},
 keywords = {ISM: Individual: Name: Cassiopeia A, ISM: individual (Tycho), ISM: Supernova Remnants, Stars: Supernovae: General},
     year = 2008,
    month = jul,
   volume = 681,
    pages = {L81-L84},
      doi = {10.1086/590427},
   adsurl = {http://adsabs.harvard.edu/abs/2008ApJ...681L..81R},
  adsnote = {Provided by the SAO/NASA Astrophysics Data System}
}

@ARTICLE{Krause08a,
   author = {{Krause}, O. and {Birkmann}, S.~M. and {Usuda}, T. and {Hattori}, T. and 
	{Goto}, M. and {Rieke}, G.~H. and {Misselt}, K.~A.},
    title = "{The Cassiopeia A Supernova Was of Type IIb}",
  journal = {Science},
archivePrefix = "arXiv",
   eprint = {0805.4557},
     year = 2008,
    month = may,
   volume = 320,
    pages = {1195-},
      doi = {10.1126/science.1155788},
   adsurl = {http://adsabs.harvard.edu/abs/2008Sci...320.1195K},
  adsnote = {Provided by the SAO/NASA Astrophysics Data System}
}

@ARTICLE{Krause08b,
   author = {{Krause}, O. and {Tanaka}, M. and {Usuda}, T. and {Hattori}, T. and 
	{Goto}, M. and {Birkmann}, S. and {Nomoto}, K.},
    title = "{Tycho Brahe's 1572 supernova as a standard type Ia as revealed by its light-echo spectrum.}",
  journal = {\nat},
archivePrefix = "arXiv",
   eprint = {0810.5106},
     year = 2008,
   volume = 456,
    pages = {617-619},
   adsurl = {http://adsabs.harvard.edu/abs/2008Natur.456..617K},
  adsnote = {Provided by the SAO/NASA Astrophysics Data System}
}


@ARTICLE{Rest11a,
   author = {{Rest}, A. and {Sinnott}, B. and {Welch}, D.~L. and {Foley}, R.~J. and 
	{Narayan}, G. and {Mandel}, K. and {Huber}, M.~E. and {Blondin}, S.
	},
    title = "{On the Interpretation of Supernova Light Echo Profiles and Spectra}",
  journal = {\apj},
archivePrefix = "arXiv",
 primaryClass = "astro-ph.SR",
 keywords = {ISM: individual objects: SN 1987A Cas A, ISM: supernova remnants, supernovae: general},
     year = 2011,
    month = may,
   volume = 732,
    pages = {2-+},
      doi = {10.1088/0004-637X/732/1/2},
   adsurl = {http://adsabs.harvard.edu/abs/2011ApJ...732....2R},
  adsnote = {Provided by the SAO/NASA Astrophysics Data System}
}


@ARTICLE{Rest11b,
   author = {{Rest}, A. and {Foley}, R.~J. and {Sinnott}, B. and {Welch}, D.~L. and 
	{Badenes}, C. and {Filippenko}, A.~V. and {Bergmann}, M. and 
	{Bhatti}, W.~A. and {Blondin}, S. and {Challis}, P. and {Damke}, G. and 
	{Finley}, H. and {Huber}, M.~E. and {Kasen}, D. and {Kirshner}, R.~P. and 
	{Matheson}, T. and {Mazzali}, P. and {Minniti}, D. and {Nakajima}, R. and 
	{Narayan}, G. and {Olsen}, K. and {Sauer}, D. and {Smith}, R.~C. and 
	{Suntzeff}, N.~B.},
    title = "{Direct Confirmation of the Asymmetry of the Cas A Supernova with Light Echoes}",
  journal = {\apj},
archivePrefix = "arXiv",
 primaryClass = "astro-ph.SR",
 keywords = {ISM: individual objects: Cas A, ISM: supernova remnants, supernovae: general},
     year = 2011,
    month = may,
   volume = 732,
    pages = {3-+},
      doi = {10.1088/0004-637X/732/1/3},
   adsurl = {http://adsabs.harvard.edu/abs/2011ApJ...732....3R},
  adsnote = {Provided by the SAO/NASA Astrophysics Data System}
}

@ARTICLE{Rest12a,
   author = {{Rest}, A. and {Sinnott}, B. and {Welch}, D.~L.},
    title = "{Light Echoes of Transients and Variables in the Local Universe}",
  journal = {\pasa},
archivePrefix = "arXiv",
   eprint = {1204.1341},
 keywords = {stars: distances, stars: supernova: individual: SN 1987A, Cas A, Tycho, stars: variables: general, novae, cataclysmic variables, dust, extinction, ISM: supernova remnants},
     year = 2012,
    month = jun,
   volume = 29,
    pages = {466-481},
      doi = {10.1071/AS11058},
   adsurl = {http://adsabs.harvard.edu/abs/2012PASA...29..466R},
  adsnote = {Provided by the SAO/NASA Astrophysics Data System}
}

@ARTICLE{Rest12b,
   author = {{Rest}, A. and {Prieto}, J.~L. and {Walborn}, N.~R. and {Smith}, N. and 
	{Bianco}, F.~B. and {Chornock}, R. and {Welch}, D.~L. and {Howell}, D.~A. and 
	{Huber}, M.~E. and {Foley}, R.~J. and {Fong}, W. and {Sinnott}, B. and 
	{Bond}, H.~E. and {Smith}, R.~C. and {Toledo}, I. and {Minniti}, D. and 
	{Mandel}, K.},
    title = "{Light echoes reveal an unexpectedly cool {$\eta$} Carinae during its nineteenth-century Great Eruption}",
  journal = {\nat},
archivePrefix = "arXiv",
   eprint = {1112.2210},
     year = 2012,
    month = feb,
   volume = 482,
    pages = {375-378},
      doi = {10.1038/nature10775},
   adsurl = {http://adsabs.harvard.edu/abs/2012Natur.482..375R},
  adsnote = {Provided by the SAO/NASA Astrophysics Data System}
}

@ARTICLE{Rest14,
   author = {{Rest}, A. and {Scolnic}, D. and {Foley}, R.~J. and {Huber}, M.~E. and 
	{Chornock}, R. and {Narayan}, G. and {Tonry}, J.~L. and {Berger}, E. and 
	{Soderberg}, A.~M. and {Stubbs}, C.~W. and {Riess}, A. and {Kirshner}, R.~P. and 
	{Smartt}, S.~J. and {Schlafly}, E. and {Rodney}, S. and {Botticella}, M.~T. and 
	{Brout}, D. and {Challis}, P. and {Czekala}, I. and {Drout}, M. and 
	{Hudson}, M.~J. and {Kotak}, R. and {Leibler}, C. and {Lunnan}, R. and 
	{Marion}, G.~H. and {McCrum}, M. and {Milisavljevic}, D. and 
	{Pastorello}, A. and {Sanders}, N.~E. and {Smith}, K. and {Stafford}, E. and 
	{Thilker}, D. and {Valenti}, S. and {Wood-Vasey}, W.~M. and 
	{Zheng}, Z. and {Burgett}, W.~S. and {Chambers}, K.~C. and {Denneau}, L. and 
	{Draper}, P.~W. and {Flewelling}, H. and {Hodapp}, K.~W. and 
	{Kaiser}, N. and {Kudritzki}, R.-P. and {Magnier}, E.~A. and 
	{Metcalfe}, N. and {Price}, P.~A. and {Sweeney}, W. and {Wainscoat}, R. and 
	{Waters}, C.},
    title = "{Cosmological Constraints from Measurements of Type Ia Supernovae Discovered during the First 1.5 yr of the Pan-STARRS1 Survey}",
  journal = {\apj},
archivePrefix = "arXiv",
   eprint = {1310.3828},
 keywords = {cosmological parameters, cosmology: observations, dark energy, supernovae: general},
     year = 2014,
    month = nov,
   volume = 795,
      eid = {44},
    pages = {44},
      doi = {10.1088/0004-637X/795/1/44},
   adsurl = {http://adsabs.harvard.edu/abs/2014ApJ...795...44R},
  adsnote = {Provided by the SAO/NASA Astrophysics Data System}
}


@ARTICLE{Hughes95,
   author = {{Hughes}, J.~P. and {Hayashi}, I. and {Helfand}, D. and {Hwang}, U. and 
	{Itoh}, M. and {Kirshner}, R. and {Koyama}, K. and {Markert}, T. and 
	{Tsunemi}, H. and {Woo}, J.},
    title = "{ASCA observations of the Large Magellanic Cloud supernova remnant sample: Typing supernovae from their remnants}",
  journal = {\apjl},
     year = 1995,
    month = may,
   volume = 444,
    pages = {L81},
      doi = {10.1086/187865},
   adsurl = {http://adsabs.harvard.edu/cgi-bin/nph-bib_query?bibcode=1995ApJ...444L..81H&db_key=AST},
  adsnote = {Provided by the Smithsonian/NASA Astrophysics Data System}
}

@ARTICLE{Badenes06,
   author = {{Badenes}, C. and {Borkowski}, K.~J. and {Hughes}, J.~P. and 
	{Hwang}, U. and {Bravo}, E.},
    title = "{Constraints on the Physics of Type Ia Supernovae from the X-Ray Spectrum of the Tycho Supernova Remnant}",
  journal = {\apj},
   eprint = {arXiv:astro-ph/0511140},
 keywords = {Hydrodynamics, ISM: individual (SN 1572), Nuclear Reactions, Nucleosynthesis, Abundances, ISM: Supernova Remnants, Stars: Supernovae: General, X-Rays: ISM},
     year = 2006,
    month = jul,
   volume = 645,
    pages = {1373-1391},
      doi = {10.1086/504399},
   adsurl = {http://adsabs.harvard.edu/abs/2006ApJ...645.1373B},
  adsnote = {Provided by the SAO/NASA Astrophysics Data System}
}

@ARTICLE{Badenes08,
   author = {{Badenes}, C. and {Hughes}, J.~P. and {Cassam-Chena{\"i}}, G. and 
	{Bravo}, E.},
    title = "{The Persistence of Memory, or How the X-Ray Spectrum of SNR 0509-67.5 Reveals the Brightness of Its Parent Type Ia Supernova}",
  journal = {\apj},
archivePrefix = "arXiv",
   eprint = {0801.4761},
 keywords = {Hydrodynamics, ISM: Individual: Alphanumeric: SNR 0509-67.5, Nuclear Reactions, Nucleosynthesis, Abundances, Stars: Supernovae: General, ISM: Supernova Remnants, X-Rays: ISM},
     year = 2008,
    month = jun,
   volume = 680,
    pages = {1149-1157},
      doi = {10.1086/524700},
   adsurl = {http://adsabs.harvard.edu/abs/2008ApJ...680.1149B},
  adsnote = {Provided by the SAO/NASA Astrophysics Data System}
}

@ARTICLE{Williams11,
   author = {{Williams}, B.~J. and {Blair}, W.~P. and {Blondin}, J.~M. and 
	{Borkowski}, K.~J. and {Ghavamian}, P. and {Long}, K.~S. and 
	{Raymond}, J.~C. and {Reynolds}, S.~P. and {Rho}, J. and {Winkler}, P.~F.
	},
    title = "{RCW 86: A Type Ia Supernova in a Wind-blown Bubble}",
  journal = {\apj},
archivePrefix = "arXiv",
   eprint = {1108.1207},
 keywords = {cosmic rays, dust, extinction, ISM: supernova remnants},
     year = 2011,
    month = nov,
   volume = 741,
      eid = {96},
    pages = {96},
      doi = {10.1088/0004-637X/741/2/96},
   adsurl = {http://adsabs.harvard.edu/abs/2011ApJ...741...96W},
  adsnote = {Provided by the SAO/NASA Astrophysics Data System}
}

@ARTICLE{Patnaude12,
   author = {{Patnaude}, D.~J. and {Badenes}, C. and {Park}, S. and {Laming}, J.~M.
	},
    title = "{The Origin of Kepler's Supernova Remnant}",
  journal = {\apj},
archivePrefix = "arXiv",
   eprint = {1206.6799},
 primaryClass = "astro-ph.HE",
 keywords = {hydrodynamics, ISM: individual objects: SN 1604, ISM: supernova remnants, nuclear reactions, nucleosynthesis, abundances, supernovae: general, X-rays: ISM},
     year = 2012,
    month = sep,
   volume = 756,
      eid = {6},
    pages = {6},
      doi = {10.1088/0004-637X/756/1/6},
   adsurl = {http://adsabs.harvard.edu/abs/2012ApJ...756....6P},
  adsnote = {Provided by the SAO/NASA Astrophysics Data System}
}

@ARTICLE{Kerzendorf12,
   author = {{Kerzendorf}, W.~E. and {Schmidt}, B.~P. and {Laird}, J.~B. and 
	{Podsiadlowski}, P. and {Bessell}, M.~S.},
    title = "{Hunting for the Progenitor of SN 1006: High-resolution Spectroscopic Search with the FLAMES Instrument}",
  journal = {\apj},
archivePrefix = "arXiv",
   eprint = {1207.4481},
 primaryClass = "astro-ph.SR",
 keywords = {binaries: symbiotic, stars: abundances, supernovae: individual: SN 1006},
     year = 2012,
    month = nov,
   volume = 759,
      eid = {7},
    pages = {7},
      doi = {10.1088/0004-637X/759/1/7},
   adsurl = {http://adsabs.harvard.edu/abs/2012ApJ...759....7K},
  adsnote = {Provided by the SAO/NASA Astrophysics Data System}
}

@ARTICLE{Hester08,
   author = {{Hester}, J.~J.},
    title = "{The Crab Nebula: An Astrophysical Chimera}",
  journal = {\araa},
     year = 2008,
    month = sep,
   volume = 46,
    pages = {127-155},
      doi = {10.1146/annurev.astro.45.051806.110608},
   adsurl = {http://adsabs.harvard.edu/abs/2008ARA%26A..46..127H},
  adsnote = {Provided by the SAO/NASA Astrophysics Data System}
}

@ARTICLE{Smith06,
   author = {{Smith}, N.},
    title = "{The Structure of the Homunculus. I. Shape and Latitude Dependence from H$_{2}$ and [Fe II] Velocity Maps of {$\eta$} Carinae}",
  journal = {\apj},
   eprint = {astro-ph/0602464},
 keywords = {Stars: Circumstellar Matter, ISM: Individual: Name: Homunculus Nebula, Stars: Individual: Constellation Name: {$\eta$} Carinae, Stars: Mass Loss, Stars: Winds, Outflows},
     year = 2006,
    month = jun,
   volume = 644,
    pages = {1151-1163},
      doi = {10.1086/503766},
   adsurl = {http://adsabs.harvard.edu/abs/2006ApJ...644.1151S},
  adsnote = {Provided by the SAO/NASA Astrophysics Data System}
}

@ARTICLE{Prieto14,
   author = {{Prieto}, J.~L. and {Rest}, A. and {Bianco}, F.~B. and {Matheson}, T. and 
	{Smith}, N. and {Walborn}, N.~R. and {Hsiao}, E.~Y. and {Chornock}, R. and 
	{Paredes {\'A}lvarez}, L. and {Campillay}, A. and {Contreras}, C. and 
	{Gonz{\'a}lez}, C. and {James}, D. and {Knapp}, G.~R. and {Kunder}, A. and 
	{Margheim}, S. and {Morrell}, N. and {Phillips}, M.~M. and {Smith}, R.~C. and 
	{Welch}, D.~L. and {Zenteno}, A.},
    title = "{Light Echoes from {$\eta$} Carinae's Great Eruption: Spectrophotometric Evolution and the Rapid Formation of Nitrogen-rich Molecules}",
  journal = {\apjl},
archivePrefix = "arXiv",
   eprint = {1403.7202},
 primaryClass = "astro-ph.SR",
 keywords = {circumstellar matter, stars: evolution, stars: individual: Eta Carinae, stars: mass-loss},
     year = 2014,
    month = may,
   volume = 787,
      eid = {L8},
    pages = {L8},
      doi = {10.1088/2041-8205/787/1/L8},
   adsurl = {http://adsabs.harvard.edu/abs/2014ApJ...787L...8P},
  adsnote = {Provided by the SAO/NASA Astrophysics Data System}
}

@ARTICLE{Schaefer12,
   author = {{Schaefer}, B.~E. and {Pagnotta}, A.},
    title = "{An absence of ex-companion stars in the type Ia supernova remnant SNR 0509-67.5}",
  journal = {\nat},
     year = 2012,
    month = jan,
   volume = 481,
    pages = {164-166},
      doi = {10.1038/nature10692},
   adsurl = {http://adsabs.harvard.edu/abs/2012Natur.481..164S},
  adsnote = {Provided by the SAO/NASA Astrophysics Data System}
}

@ARTICLE{Badenes09,
   author = {{Badenes}, C. and {Harris}, J. and {Zaritsky}, D. and {Prieto}, J.~L.
	},
    title = "{The Stellar Ancestry of Supernovae in the Magellanic Clouds. I. The Most Recent Supernovae in the Large Magellanic Cloud}",
  journal = {\apj},
archivePrefix = "arXiv",
   eprint = {0902.2787},
 primaryClass = "astro-ph.SR",
 keywords = {galaxies: individual: Large Magellanic Cloud, galaxies: stellar content, supernova remnants, supernovae: general},
     year = 2009,
    month = jul,
   volume = 700,
    pages = {727-740},
      doi = {10.1088/0004-637X/700/1/727},
   adsurl = {http://adsabs.harvard.edu/abs/2009ApJ...700..727B},
  adsnote = {Provided by the SAO/NASA Astrophysics Data System}
}

@ARTICLE{SF11,
   author = {{Smith}, N. and {Frew}, D.~J.},
    title = "{A revised historical light curve of Eta Carinae and the timing of close periastron encounters}",
  journal = {\mnras},
archivePrefix = "arXiv",
   eprint = {1010.3719},
 primaryClass = "astro-ph.SR",
 keywords = {instabilities, binaries: close, stars: individual: Eta Carinae, stars: massive, stars: mass-loss},
     year = 2011,
    month = aug,
   volume = 415,
    pages = {2009-2019},
      doi = {10.1111/j.1365-2966.2011.18993.x},
   adsurl = {http://adsabs.harvard.edu/abs/2011MNRAS.415.2009S},
  adsnote = {Provided by the SAO/NASA Astrophysics Data System}
}

@ARTICLE{Smith13,
   author = {{Smith}, N.},
    title = "{The Crab nebula and the class of Type IIn-P supernovae caused by sub-energetic electron-capture explosions}",
  journal = {\mnras},
archivePrefix = "arXiv",
   eprint = {1304.0689},
 primaryClass = "astro-ph.HE",
 keywords = {circumstellar matter, stars: evolution, stars: mass-loss, supernovae: individual: SN 1994W, supernovae: individual: SN 2009kn, supernovae: individual: SN 2011ht},
     year = 2013,
    month = sep,
   volume = 434,
    pages = {102-113},
      doi = {10.1093/mnras/stt1004},
   adsurl = {http://adsabs.harvard.edu/abs/2013MNRAS.434..102S},
  adsnote = {Provided by the SAO/NASA Astrophysics Data System}
}

@ARTICLE{Smith16b,
   author = {{Smith}, N. and {Andrews}, J.~E. and {Van Dyk}, S.~D. and {Mauerhan}, J.~C. and 
	{Kasliwal}, M.~M. and {Bond}, H.~E. and {Filippenko}, A.~V. and 
	{Clubb}, K.~I. and {Graham}, M.~L. and {Perley}, D.~A. and {Jencson}, J. and 
	{Bally}, J. and {Ubeda}, L. and {Sabbi}, E.},
    title = "{Massive star mergers and the recent transient in NGC 4490: a more massive cousin of V838 Mon and V1309 Sco}",
  journal = {\mnras},
archivePrefix = "arXiv",
   eprint = {1602.05203},
 primaryClass = "astro-ph.SR",
 keywords = {binaries: general, circumstellar matter, stars: evolution, stars: massive, stars: winds, outflows},
     year = 2016,
    month = may,
   volume = 458,
    pages = {950-962},
      doi = {10.1093/mnras/stw219},
   adsurl = {http://adsabs.harvard.edu/abs/2016MNRAS.458..950S},
  adsnote = {Provided by the SAO/NASA Astrophysics Data System}
}

@ARTICLE{Wang08,
   author = {{Wang}, L. and {Wheeler}, J.~C.},
    title = "{Spectropolarimetry of Supernovae}",
  journal = {\araa},
archivePrefix = "arXiv",
   eprint = {0811.1054},
     year = 2008,
    month = sep,
   volume = 46,
    pages = {433-474},
      doi = {10.1146/annurev.astro.46.060407.145139},
   adsurl = {http://adsabs.harvard.edu/abs/2008ARA%26A..46..433W},
  adsnote = {Provided by the SAO/NASA Astrophysics Data System}
}


@ARTICLE{Kasen09,
   author = {{Kasen}, D. and {R{\"o}pke}, F.~K. and {Woosley}, S.~E.},
    title = "{The diversity of type Ia supernovae from broken symmetries}",
  journal = {\nat},
archivePrefix = "arXiv",
   eprint = {0907.0708},
 primaryClass = "astro-ph.HE",
     year = 2009,
    month = aug,
   volume = 460,
    pages = {869-872},
      doi = {10.1038/nature08256},
   adsurl = {http://adsabs.harvard.edu/abs/2009Natur.460..869K},
  adsnote = {Provided by the SAO/NASA Astrophysics Data System}
}

@ARTICLE{Smith17a,
   author = {{Smith}, N. and Rest, A., and {Andrews}, J.~E. and Matheson, T., and Bianco, F., and Prieto, J. L., and Strampelli, G.},
    title = "{Absurdly fast ejecta seen in light echoes of Eta Carinae’s Great Eruption}",
  journal = {\mnras, submitted},
     year = 2017
}



@ARTICLE{Smith16a,
   author = {{Smith}, N. and {Andrews}, J.~E. and {Mauerhan}, J.~C. and {Zheng}, W. and 
	{Filippenko}, A.~V. and {Graham}, M.~L. and {Milne}, P.},
    title = "{The Persistent Eruption of UGC 2773-OT: finally, a decade-long extragalactic Eta Carinae analogue}",
  journal = {\mnras},
archivePrefix = "arXiv",
   eprint = {1510.08050},
 primaryClass = "astro-ph.SR",
 keywords = {circumstellar matter, stars: evolution, stars: winds, outflows},
     year = 2016,
    month = feb,
   volume = 455,
    pages = {3546-3560},
      doi = {10.1093/mnras/stv2507},
   adsurl = {http://adsabs.harvard.edu/abs/2016MNRAS.455.3546S},
  adsnote = {Provided by the SAO/NASA Astrophysics Data System}
}



@ARTICLE{Lopez13,
   author = {{Lopez}, L.~A. and {Ramirez-Ruiz}, E. and {Castro}, D. and {Pearson}, S.
	},
    title = "{The Galactic SN Remnant W49B Likely Originates from a Jet-driven, Core-collapse Explosion}",
  journal = {\apj},
archivePrefix = "arXiv",
   eprint = {1301.0618},
 primaryClass = "astro-ph.HE",
 keywords = {ISM: supernova remnants, supernovae: individual: W49 B, X-rays: ISM },
     year = 2013,
    month = feb,
   volume = 764,
      eid = {50},
    pages = {50},
      doi = {10.1088/0004-637X/764/1/50},
   adsurl = {http://adsabs.harvard.edu/abs/2013ApJ...764...50L},
  adsnote = {Provided by the SAO/NASA Astrophysics Data System}
}
@ARTICLE{Kjaer10,
   author = {{Kj{\ae}r}, K. and {Leibundgut}, B. and {Fransson}, C. and {Jerkstrand}, A. and 
	{Spyromilio}, J.},
    title = "{The 3-D structure of SN 1987A's inner ejecta}",
  journal = {\aap},
archivePrefix = "arXiv",
   eprint = {1003.5684},
 primaryClass = "astro-ph.SR",
 keywords = {supernovae: individual: SN 1987A},
     year = 2010,
    month = jul,
   volume = 517,
      eid = {A51},
    pages = {A51},
      doi = {10.1051/0004-6361/201014538},
   adsurl = {http://adsabs.harvard.edu/abs/2010A%26A...517A..51K},
  adsnote = {Provided by the SAO/NASA Astrophysics Data System}
}

@ARTICLE{Wang02,
   author = {{Wang}, L. and {Wheeler}, J.~C. and {H{\"o}flich}, P. and {Khokhlov}, A. and 
	{Baade}, D. and {Branch}, D. and {Challis}, P. and {Filippenko}, A.~V. and 
	{Fransson}, C. and {Garnavich}, P. and {Kirshner}, R.~P. and 
	{Lundqvist}, P. and {McCray}, R. and {Panagia}, N. and {Pun}, C.~S.~J. and 
	{Phillips}, M.~M. and {Sonneborn}, G. and {Suntzeff}, N.~B.},
    title = "{The Axisymmetric Ejecta of Supernova 1987A}",
  journal = {\apj},
   eprint = {arXiv:astro-ph/0205337},
 keywords = {ISM: Supernova Remnants, Stars: Supernovae: Individual: Alphanumeric: SN 1987A},
     year = 2002,
    month = nov,
   volume = 579,
    pages = {671-677},
      doi = {10.1086/342824},
   adsurl = {http://adsabs.harvard.edu/abs/2002ApJ...579..671W},
  adsnote = {Provided by the SAO/NASA Astrophysics Data System}
}

@article{Peek11,
author = {Peek, J E G and Heiles, Carl and Douglas, Kevin A and Lee, Min-Young and Grcevich, Jana and Stanimirovi{\'c}, Sne{\v z}ana and Putman, M E and Korpela, Eric J and Gibson, Steven J and Begum, Ayesha and Saul, Destry and Robishaw, Timothy and Kr{\v c}o, Marko},
title = {{The GALFA-HI Survey: Data Release 1}},
journal = {The Astrophysical Journal Supplement},
year = {2011},
volume = {194},
number = {2},
pages = {20}
}



@ARTICLE{Sinnott13,
   author = {{Sinnott}, B. and {Welch}, D.~L. and {Rest}, A. and {Sutherland}, P.~G. and 
	{Bergmann}, M.},
    title = "{Asymmetry in the Outburst of SN 1987A Detected Using Light Echo Spectroscopy}",
  journal = {\apj},
archivePrefix = "arXiv",
   eprint = {1211.3781},
 primaryClass = "astro-ph.SR",
 keywords = {ISM: supernova remnants, line: profiles, supernovae: general, supernovae: individual: SN 1987A},
     year = 2013,
    month = apr,
   volume = 767,
      eid = {45},
    pages = {45},
      doi = {10.1088/0004-637X/767/1/45},
   adsurl = {http://adsabs.harvard.edu/abs/2013ApJ...767...45S},
  adsnote = {Provided by the SAO/NASA Astrophysics Data System}
}

@ARTICLE{Bloom12,
   author = {{Bloom}, J.~S. and {Richards}, J.~W. and {Nugent}, P.~E. and 
	{Quimby}, R.~M. and {Kasliwal}, M.~M. and {Starr}, D.~L. and 
	{Poznanski}, D. and {Ofek}, E.~O. and {Cenko}, S.~B. and {Butler}, N.~R. and 
	{Kulkarni}, S.~R. and {Gal-Yam}, A. and {Law}, N.},
    title = "{Automating Discovery and Classification of Transients and Variable Stars in the Synoptic Survey Era}",
  journal = {\pasp},
archivePrefix = "arXiv",
   eprint = {1106.5491},
 primaryClass = "astro-ph.IM",
 keywords = {Data Analysis and Techniques},
     year = 2012,
    month = nov,
   volume = 124,
    pages = {1175-1196},
      doi = {10.1086/668468},
   adsurl = {http://adsabs.harvard.edu/abs/2012PASP..124.1175B},
  adsnote = {Provided by the SAO/NASA Astrophysics Data System}
}

@ARTICLE{Brink13,
   author = {{Brink}, H. and {Richards}, J.~W. and {Poznanski}, D. and {Bloom}, J.~S. and 
	{Rice}, J. and {Negahban}, S. and {Wainwright}, M.},
    title = "{Using machine learning for discovery in synoptic survey imaging data}",
  journal = {\mnras},
archivePrefix = "arXiv",
   eprint = {1209.3775},
 primaryClass = "astro-ph.IM",
 keywords = {methods: data analysis, methods: statistical, techniques: image processing, surveys, supernovae: general},
     year = 2013,
    month = oct,
   volume = 435,
    pages = {1047-1060},
      doi = {10.1093/mnras/stt1306},
   adsurl = {http://adsabs.harvard.edu/abs/2013MNRAS.435.1047B},
  adsnote = {Provided by the SAO/NASA Astrophysics Data System}
}

@ARTICLE{Wright15,
   author = {{Wright}, D.~E. and {Smartt}, S.~J. and {Smith}, K.~W. and {Miller}, P. and 
	{Kotak}, R. and {Rest}, A. and {Burgett}, W.~S. and {Chambers}, K.~C. and 
	{Flewelling}, H. and {Hodapp}, K.~W. and {Huber}, M. and {Jedicke}, R. and 
	{Kaiser}, N. and {Metcalfe}, N. and {Price}, P.~A. and {Tonry}, J.~L. and 
	{Wainscoat}, R.~J. and {Waters}, C.},
    title = "{Machine learning for transient discovery in Pan-STARRS1 difference imaging}",
  journal = {\mnras},
archivePrefix = "arXiv",
   eprint = {1501.05470},
 primaryClass = "astro-ph.IM",
 keywords = {methods: data analysis, methods: statistical, techniques: image processing, surveys, supernovae: general},
     year = 2015,
    month = may,
   volume = 449,
    pages = {451-466},
      doi = {10.1093/mnras/stv292},
   adsurl = {http://adsabs.harvard.edu/abs/2015MNRAS.449..451W},
  adsnote = {Provided by the SAO/NASA Astrophysics Data System}
}

@ARTICLE{vandenBergh65a,
  author =	 {{van den Bergh}, S.},
  title =	 "{Light ECHOS from Ancient Supernovae}",
  journal =	 {\pasp},
  year =	 1965,
  month =	 aug,
  volume =	 77,
  pages =	 {269},
  adsurl =	 {http://adsabs.harvard.edu/abs/1965PASP...77..269V},
  adsnote =	 {Provided by the SAO/NASA Astrophysics Data System}
}

@ARTICLE{Zwicky40,
  author =	 {{Zwicky}, F.},
  title =	 "{Types of Novae}",
  journal =	 {Reviews of Modern Physics},
  year =	 1940,
  volume =	 12,
  pages =	 {66},
  adsurl =	 {http://adsabs.harvard.edu/abs/1940RvMP...12...66Z},
  adsnote =	 {Provided by the SAO/NASA Astrophysics Data System}
}

@ARTICLE{Perrine03,
   author = {{Perrine}, C.~D.},
    title = "{Spectrum of the nebulosity surrounding Nova Persei.}",
  journal = {\apj},
     year = 1903,
    month = may,
   volume = 17,
    pages = {310},
      doi = {10.1086/141032},
   adsurl = {http://adsabs.harvard.edu/abs/1903ApJ....17..310P},
  adsnote = {Provided by the SAO/NASA Astrophysics Data System}
}

@ARTICLE{Suntzeff88,
  author =	 {{Suntzeff}, N.~B. and {Heathcote}, S. and {Weller}, W.~G. and {Caldwell}, N. and {Huchra}, J.~P.},
  title =	 "{The light echoes from SN1987A}",
  journal =	 {\nat},
  year =	 1988,
  month =	 jul,
  volume =	 334,
  pages =	 {135-138},
  doi =		 {10.1038/334135a0},
  adsurl =	 {http://adsabs.harvard.edu/cgi-bin/nph-bib_query?bibcode=1988Natur.334..135S&db_key=AST},
  adsnote =	 {Provided by the Smithsonian/NASA Astrophysics Data System}
}

@ARTICLE{Schmidt94,
  author =	 {{Schmidt}, B.~P. and {Kirshner}, R.~P. and {Leibundgut}, B. and {Wells}, L.~A. and {Porter}, A.~C. and
                  {Ruiz-Lapuente}, P. and {Challis}, P. and {Filippenko}, A.~V.},
  title =	 "{SN 1991T: Reflections of past glory}",
  journal =	 {\apjl},
  eprint =	 {astro-ph/9407097},
  year =	 1994,
  month =	 oct,
  volume =	 434,
  pages =	 {L19-L23},
  doi =		 {10.1086/187562},
  adsurl =	 {http://adsabs.harvard.edu/cgi-bin/nph-bib_query?bibcode=1994ApJ...434L..19S&db_key=AST},
  adsnote =	 {Provided by the Smithsonian/NASA Astrophysics Data System}
}


@ARTICLE{Gouiffes88,
   author = {{Gouiffes}, C. and {Rosa}, M. and {Melnick}, J. and {Danziger}, I.~J. and 
	{Remy}, M. and {Santini}, C. and {Sauvageot}, J.~L. and {Jakobsen}, P. and 
	{Ruiz}, M.~T.},
    title = "{Light echoes from SN 1987 A}",
  journal = {\aap},
 keywords = {INTERSTELLAR MATTER, LIGHT (VISIBLE RADIATION), SUPERNOVA 1987A, ASTRONOMICAL SPECTROSCOPY, ECHOES, VISIBLE SPECTRUM},
     year = 1988,
    month = jun,
   volume = 198,
    pages = {L9-L12},
   adsurl = {http://adsabs.harvard.edu/abs/1988A%26A...198L...9G},
  adsnote = {Provided by the SAO/NASA Astrophysics Data System}
}

@ARTICLE{Xu95,
   author = {{Xu}, J. and {Crotts}, A.~P.~S. and {Kunkel}, W.~E.},
    title = "{A Three-dimensional Study Using Light Echoes of the Structure of the Interstellar Medium in Front of SN 1987A}",
  journal = {\apj},
 keywords = {ISM: STRUCTURE, ISM: SUPERNOVA REMNANTS, STARS: SUPERNOVAE: INDIVIDUAL ALPHANUMERIC: SN 1987A},
     year = 1995,
    month = oct,
   volume = 451,
    pages = {806},
      doi = {10.1086/176267},
   adsurl = {http://adsabs.harvard.edu/abs/1995ApJ...451..806X},
  adsnote = {Provided by the SAO/NASA Astrophysics Data System}
}

@ARTICLE{Sugerman05a,
   author = {{Sugerman}, B.~E.~K. and {Crotts}, A.~P.~S. and {Kunkel}, W.~E. and 
	{Heathcote}, S.~R. and {Lawrence}, S.~S.},
    title = "{A New View of the Circumstellar Environment of SN 1987A}",
  journal = {\apj},
   eprint = {arXiv:astro-ph/0502268},
 keywords = {Stars: Circumstellar Matter, ISM: Dust, Extinction, Scattering, Stars: Mass Loss, Stars: Supernovae: Individual: Alphanumeric: SN 1987A, Techniques: Image Processing},
     year = 2005,
    month = jul,
   volume = 627,
    pages = {888-903},
      doi = {10.1086/430396},
   adsurl = {http://adsabs.harvard.edu/abs/2005ApJ...627..888S},
  adsnote = {Provided by the SAO/NASA Astrophysics Data System}
}

@ARTICLE{Sugerman05b,
   author = {{Sugerman}, B.~E.~K. and {Crotts}, A.~P.~S. and {Kunkel}, W.~E. and 
	{Heathcote}, S.~R. and {Lawrence}, S.~S.},
    title = "{The Three-dimensional Circumstellar Environment of SN 1987A}",
  journal = {\apjs},
   eprint = {arXiv:astro-ph/0502378},
 keywords = {Stars: Circumstellar Matter, ISM: Dust, Extinction, Galaxies: Magellanic Clouds, Scattering, Stars: Mass Loss, Stars: Supernovae: Individual: Alphanumeric: SN 1987A},
     year = 2005,
    month = jul,
   volume = 159,
    pages = {60-99},
      doi = {10.1086/430408},
   adsurl = {http://adsabs.harvard.edu/abs/2005ApJS..159...60S},
  adsnote = {Provided by the SAO/NASA Astrophysics Data System}
}

@ARTICLE{DeLaney10,
   author = {{DeLaney}, T. and {Rudnick}, L. and {Stage}, M.~D. and {Smith}, J.~D. and 
	{Isensee}, K. and {Rho}, J. and {Allen}, G.~E. and {Gomez}, H. and 
	{Kozasa}, T. and {Reach}, W.~T. and {Davis}, J.~E. and {Houck}, J.~C.
	},
    title = "{The Three-dimensional Structure of Cassiopeia A}",
  journal = {\apj},
archivePrefix = "arXiv",
   eprint = {1011.3858},
 keywords = {infrared: ISM, ISM: individual objects: Cassiopeia A, ISM: supernova remnants, X-rays: ISM},
     year = 2010,
    month = dec,
   volume = 725,
    pages = {2038-2058},
      doi = {10.1088/0004-637X/725/2/2038},
   adsurl = {http://adsabs.harvard.edu/abs/2010ApJ...725.2038D},
  adsnote = {Provided by the SAO/NASA Astrophysics Data System}
}

@ARTICLE{Milisavljevic15,
   author = {{Milisavljevic}, D. and {Fesen}, R.~A.},
    title = "{The bubble-like interior of the core-collapse supernova remnant Cassiopeia A}",
  journal = {Science},
archivePrefix = "arXiv",
   eprint = {1501.07283},
 primaryClass = "astro-ph.HE",
     year = 2015,
    month = jan,
   volume = 347,
    pages = {526-530},
      doi = {10.1126/science.1261949},
   adsurl = {http://adsabs.harvard.edu/abs/2015Sci...347..526M},
  adsnote = {Provided by the SAO/NASA Astrophysics Data System}
}

@ARTICLE{Ganeshalingam11,
   author = {{Ganeshalingam}, M. and {Li}, W. and {Filippenko}, A.~V.},
    title = "{The rise-time distribution of nearby Type Ia supernovae}",
  journal = {\mnras},
archivePrefix = "arXiv",
   eprint = {1107.2404},
 primaryClass = "astro-ph.CO",
 keywords = {supernovae: general},
     year = 2011,
    month = oct,
   volume = 416,
    pages = {2607-2622},
      doi = {10.1111/j.1365-2966.2011.19213.x},
   adsurl = {http://adsabs.harvard.edu/abs/2011MNRAS.416.2607G},
  adsnote = {Provided by the SAO/NASA Astrophysics Data System}
}

@ARTICLE{Foley11,
   author = {{Foley}, R.~J. and {Kasen}, D.},
    title = "{Measuring Ejecta Velocity Improves Type Ia Supernova Distances}",
  journal = {\apj},
archivePrefix = "arXiv",
   eprint = {1011.4517},
 keywords = {distance scale, dust, extinction, supernovae: general},
     year = 2011,
    month = mar,
   volume = 729,
      eid = {55},
    pages = {55},
      doi = {10.1088/0004-637X/729/1/55},
   adsurl = {http://adsabs.harvard.edu/abs/2011ApJ...729...55F},
  adsnote = {Provided by the SAO/NASA Astrophysics Data System}
}

@ARTICLE{Waxman07,
   author = {{Waxman}, E. and {M{\'e}sz{\'a}ros}, P. and {Campana}, S.},
    title = "{GRB 060218: A Relativistic Supernova Shock Breakout}",
  journal = {\apj},
   eprint = {arXiv:astro-ph/0702450},
 keywords = {Gamma Rays: Bursts, Shock Waves, Stars: Supernovae: General},
     year = 2007,
    month = sep,
   volume = 667,
    pages = {351-357},
      doi = {10.1086/520715},
   adsurl = {http://adsabs.harvard.edu/abs/2007ApJ...667..351W},
  adsnote = {Provided by the SAO/NASA Astrophysics Data System}
}

@ARTICLE{Calzavara04,
   author = {{Calzavara}, A.~J. and {Matzner}, C.~D.},
    title = "{Supernova properties from shock breakout X-rays}",
  journal = {\mnras},
   eprint = {arXiv:astro-ph/0312464},
 keywords = {shock waves, instrumentation: detectors, stars: fundamental parameters, supernovae: general, X-rays: bursts},
     year = 2004,
    month = jun,
   volume = 351,
    pages = {694-706},
      doi = {10.1111/j.1365-2966.2004.07818.x},
   adsurl = {http://adsabs.harvard.edu/abs/2004MNRAS.351..694C},
  adsnote = {Provided by the SAO/NASA Astrophysics Data System}
}

@ARTICLE{Matzner99,
   author = {{Matzner}, C.~D. and {McKee}, C.~F.},
    title = "{The Expulsion of Stellar Envelopes in Core-Collapse Supernovae}",
  journal = {\apj},
   eprint = {arXiv:astro-ph/9807046},
 keywords = {HYDRODYNAMICS, SHOCK WAVES, STARS: INTERIORS, ISM: SUPERNOVA REMNANTS, STARS: SUPERNOVAE: GENERAL, STARS: SUPERNOVAE: INDIVIDUAL: ALPHANUMERIC: SN 1987A},
     year = 1999,
    month = jan,
   volume = 510,
    pages = {379-403},
      doi = {10.1086/306571},
   adsurl = {http://adsabs.harvard.edu/abs/1999ApJ...510..379M},
  adsnote = {Provided by the SAO/NASA Astrophysics Data System}
}

@ARTICLE{Roepke07,
   author = {{R{\"o}pke}, F.~K. and {Woosley}, S.~E. and {Hillebrandt}, W.
	},
    title = "{Off-Center Ignition in Type Ia Supernovae. I. Initial Evolution and Implications for Delayed Detonation}",
  journal = {\apj},
   eprint = {astro-ph/0609088},
 keywords = {Hydrodynamics, Instabilities, Methods: Numerical, Stars: Supernovae: General, Turbulence},
     year = 2007,
    month = may,
   volume = 660,
    pages = {1344},
      doi = {10.1086/512769},
   adsurl = {http://adsabs.harvard.edu/abs/2007ApJ...660.1344R},
  adsnote = {Provided by the SAO/NASA Astrophysics Data System}
}



@ARTICLE{Maeda10,
   author = {{Maeda}, K. and {Benetti}, S. and {Stritzinger}, M. and {R{\"o}pke}, F.~K. and 
	{Folatelli}, G. and {Sollerman}, J. and {Taubenberger}, S. and 
	{Nomoto}, K. and {Leloudas}, G. and {Hamuy}, M. and {Tanaka}, M. and 
	{Mazzali}, P.~A. and {Elias-Rosa}, N.},
    title = "{An asymmetric explosion as the origin of spectral evolution diversity in type Ia supernovae}",
  journal = {\nat},
archivePrefix = "arXiv",
   eprint = {1006.5888},
     year = 2010,
    month = jul,
   volume = 466,
    pages = {82-85},
      doi = {10.1038/nature09122},
   adsurl = {http://adsabs.harvard.edu/abs/2010Natur.466...82M},
  adsnote = {Provided by the SAO/NASA Astrophysics Data System}
}

@ARTICLE{Badenes07,
   author = {{Badenes}, C. and {Hughes}, J.~P. and {Bravo}, E. and {Langer}, N.
	},
    title = "{Are the Models for Type Ia Supernova Progenitors Consistent with the Properties of Supernova Remnants?}",
  journal = {\apj},
   eprint = {astro-ph/0703321},
 keywords = {Stars: Binaries: Close, Hydrodynamics, ISM: Supernova Remnants, Stars: Supernovae: General, X-Rays: ISM},
     year = 2007,
    month = jun,
   volume = 662,
    pages = {472-486},
      doi = {10.1086/518022},
   adsurl = {http://adsabs.harvard.edu/abs/2007ApJ...662..472B},
  adsnote = {Provided by the SAO/NASA Astrophysics Data System}
}


@ARTICLE{Foley12,
   author = {{Foley}, R.~J. and {Simon}, J.~D. and {Burns}, C.~R. and {Gal-Yam}, A. and 
	{Hamuy}, M. and {Kirshner}, R.~P. and {Morrell}, N.~I. and {Phillips}, M.~M. and 
	{Shields}, G.~A. and {Sternberg}, A.},
    title = "{Linking Type Ia Supernova Progenitors and Their Resulting Explosions}",
  journal = {\apj},
archivePrefix = "arXiv",
   eprint = {1203.2916},
 primaryClass = "astro-ph.SR",
 keywords = {distance scale, dust, extinction, supernovae: general },
     year = 2012,
    month = jun,
   volume = 752,
      eid = {101},
    pages = {101},
      doi = {10.1088/0004-637X/752/2/101},
   adsurl = {http://adsabs.harvard.edu/abs/2012ApJ...752..101F},
  adsnote = {Provided by the SAO/NASA Astrophysics Data System}
}

@ARTICLE{Hsiao07,
   author = {{Hsiao}, E.~Y. and {Conley}, A. and {Howell}, D.~A. and {Sullivan}, M. and 
	{Pritchet}, C.~J. and {Carlberg}, R.~G. and {Nugent}, P.~E. and 
	{Phillips}, M.~M.},
    title = "{K-Corrections and Spectral Templates of Type Ia Supernovae}",
  journal = {\apj},
   eprint = {astro-ph/0703529},
 keywords = {Cosmology: Observations, Stars: Supernovae: General},
     year = 2007,
    month = jul,
   volume = 663,
    pages = {1187-1200},
      doi = {10.1086/518232},
   adsurl = {http://adsabs.harvard.edu/abs/2007ApJ...663.1187H},
  adsnote = {Provided by the SAO/NASA Astrophysics Data System}
}

@ARTICLE{Beaumont14,
   author = {{Beaumont}, C.~N. and {Goodman}, A.~A. and {Kendrew}, S. and 
	{Williams}, J.~P. and {Simpson}, R.},
    title = "{The Milky Way Project: Leveraging Citizen Science and Machine Learning to Detect Interstellar Bubbles}",
  journal = {\apjs},
archivePrefix = "arXiv",
   eprint = {1406.2692},
 keywords = {H II regions, ISM: bubbles, methods: data analysis, stars: formation},
     year = 2014,
    month = sep,
   volume = 214,
      eid = {3},
    pages = {3},
      doi = {10.1088/0067-0049/214/1/3},
   adsurl = {http://adsabs.harvard.edu/abs/2014ApJS..214....3B},
  adsnote = {Provided by the SAO/NASA Astrophysics Data System}
}



@ARTICLE{Stephenson02,
   author = {{Stephenson}, F.~R. and {Green}, D.~A.},
    title = "{Historical supernovae and their remnants}",
  journal = {Historical supernovae and their remnants, by F.~Richard Stephenson and David A.~Green.~International series in astronomy and astrophysics, vol.~5.~Oxford: Clarendon Press, 2002},
 keywords = {Stars fundamental parameters, Supernovas, Supernova Remnants},
     year = 2002,
   volume = 5,
   adsurl = {http://adsabs.harvard.edu/abs/2002ISAA....5.....S},
  adsnote = {Provided by the SAO/NASA Astrophysics Data System}
}


@INPROCEEDINGS{Kothes10,
   author = {{Kothes}, R.},
    title = "{On the Distance and Age of the Pulsar Wind Nebula 3C 58}",
booktitle = {The Dynamic Interstellar Medium: A Celebration of the Canadian Galactic Plane Survey},
     year = 2010,
   series = {Astronomical Society of the Pacific Conference Series},
   volume = 438,
archivePrefix = "arXiv",
   eprint = {1010.4586},
 primaryClass = "astro-ph.GA",
   editor = {{Kothes}, R. and {Landecker}, T.~L. and {Willis}, A.~G.},
    month = dec,
    pages = {347},
   adsurl = {http://adsabs.harvard.edu/abs/2010ASPC..438..347K},
  adsnote = {Provided by the SAO/NASA Astrophysics Data System}
}

@ARTICLE{Murray02,
   author = {{Murray}, S.~S. and {Slane}, P.~O. and {Seward}, F.~D. and {Ransom}, S.~M. and 
	{Gaensler}, B.~M.},
    title = "{Discovery of X-Ray Pulsations from the Compact Central Source in the Supernova Remnant 3C 58}",
  journal = {\apj},
   eprint = {arXiv:astro-ph/0108489},
 keywords = {ISM: Individual: Alphanumeric: 3C 58, Stars: Pulsars: Individual: Alphanumeric: PSR J0205+6449, Stars: Neutron, ISM: Supernova Remnants, X-Rays: Stars},
     year = 2002,
    month = mar,
   volume = 568,
    pages = {226-231},
      doi = {10.1086/338766},
   adsurl = {http://cdsads.u-strasbg.fr/abs/2002ApJ...568..226M},
  adsnote = {Provided by the SAO/NASA Astrophysics Data System}

}

@ARTICLE{Simpson2012,
   author = {{Simpson}, R.~J. and {Povich}, M.~S. and {Kendrew}, S. and {Lintott}, C.~J. and 
	{Bressert}, E. and {Arvidsson}, K. and {Cyganowski}, C. and 
	{Maddison}, S. and {Schawinski}, K. and {Sherman}, R. and {Smith}, A.~M. and 
	{Wolf-Chase}, G.},
    title = "{The Milky Way Project First Data Release: a bubblier Galactic disc}",
  journal = {\mnras},
archivePrefix = "arXiv",
   eprint = {1201.6357},
 keywords = {stars: formation, dust, extinction, H II regions, infrared: ISM },
     year = 2012,
    month = aug,
   volume = 424,
    pages = {2442-2460},
      doi = {10.1111/j.1365-2966.2012.20770.x},
   adsurl = {http://adsabs.harvard.edu/abs/2012MNRAS.424.2442S},
  adsnote = {Provided by the SAO/NASA Astrophysics Data System}
}

@ARTICLE{Kendrew2012,
   author = {{Kendrew}, S. and {Simpson}, R. and {Bressert}, E. and {Povich}, M.~S. and 
	{Sherman}, R. and {Lintott}, C.~J. and {Robitaille}, T.~P. and 
	{Schawinski}, K. and {Wolf-Chase}, G.},
    title = "{The Milky Way Project: A Statistical Study of Massive Star Formation Associated with Infrared Bubbles}",
  journal = {\apj},
archivePrefix = "arXiv",
   eprint = {1203.5486},
 keywords = {H II regions, infrared: ISM, ISM: bubbles, stars: formation, stars: massive},
     year = 2012,
    month = aug,
   volume = 755,
      eid = {71},
    pages = {71},
      doi = {10.1088/0004-637X/755/1/71},
   adsurl = {http://adsabs.harvard.edu/abs/2012ApJ...755...71K},
  adsnote = {Provided by the SAO/NASA Astrophysics Data System}
}

@ARTICLE{Kendrew2016,
   author = {{Kendrew}, S. and {Beuther}, H. and {Simpson}, R. and {Csengeri}, T. and 
	{Wienen}, M. and {Lintott}, C.~J. and {Povich}, M.~S. and {Beaumont}, C. and 
	{Schuller}, F.},
    title = "{The Milky Way Project and ATLASGAL: The Distribution and Physical Properties of Cold Clumps Near Infrared Bubbles}",
  journal = {\apj},
archivePrefix = "arXiv",
   eprint = {1602.06982},
 keywords = {H ii regions, infrared: ISM, ISM: bubbles, stars: formation, stars: massive, submillimeter: ISM},
     year = 2016,
    month = jul,
   volume = 825,
      eid = {142},
    pages = {142},
      doi = {10.3847/0004-637X/825/2/142},
   adsurl = {http://adsabs.harvard.edu/abs/2016ApJ...825..142K},
  adsnote = {Provided by the SAO/NASA Astrophysics Data System}
}

@ARTICLE{Raddick2013,
   author = {{Raddick}, M.~J. and {Bracey}, G. and {Gay}, P.~L. and {Lintott}, C.~J. and 
	{Cardamone}, C. and {Murray}, P. and {Schawinski}, K. and {Szalay}, A.~S. and 
	{Vandenberg}, J.},
    title = "{Galaxy Zoo: Motivations of Citizen Scientists}",
  journal = {ArXiv e-prints},
archivePrefix = "arXiv",
   eprint = {1303.6886},
 primaryClass = "physics.ed-ph",
 keywords = {Physics - Physics Education, Astrophysics - Cosmology and Extragalactic Astrophysics},
     year = 2013,
    month = mar,
   adsurl = {http://adsabs.harvard.edu/abs/2013arXiv1303.6886R},
  adsnote = {Provided by the SAO/NASA Astrophysics Data System}
}

@ARTICLE{Masters2016,
   author = {{Masters}, K. and {Oh}, E.~Y. and {Cox}, J. and {Simmons}, B. and 
	{Lintott}, C. and {Graham}, G. and {Greenhill}, A. and {Holmes}, K.
	},
    title = "{Science Learning via Participation in Online Citizen Science}",
  journal = {ArXiv e-prints},
archivePrefix = "arXiv",
   eprint = {1601.05973},
 primaryClass = "astro-ph.IM",
 keywords = {Astrophysics - Instrumentation and Methods for Astrophysics, Computer Science - Computers and Society, Physics - Physics Education},
     year = 2016,
    month = jan,
   adsurl = {http://adsabs.harvard.edu/abs/2016arXiv160105973M},
  adsnote = {Provided by the SAO/NASA Astrophysics Data System}
}




